@misc{web10,
    author			= {JSCC07183 },
    title			= {IParte-proyectoIE0624},
    howpublished	= {, \url{https://studio.edgeimpulse.com/studio/348181}},
    year			= {2024},
    month			= {febrero},
    note			= {Accedido en febrero de 2024},
    language        = {spanish},
}


@misc{web9,
    author			= {Universidad de Sevilla},
    title			= {3 EXTRACCION DE CARACTERISTICAS},
    howpublished	= {Universidad de Sevilla, \url{https://biblus.us.es/bibing/proyectos/abreproy/12054/fichero/MEMORIA%252F8.Cap%C3%ADtulo+3.pdf}},
    year			= {2017},
    month			= {junio},
    note			= {Accedido en febrero de 2024},
    language        = {spanish},
}



@misc{web8,
    author			= {Texas Instruments},
    title			= { PCF8574 Remote 8-Bit },
    howpublished	= {Texas Instruments, \url{https://www.ti.com/lit/ds/symlink/pcf8574.pdf?ts=1638973422078&ref_url=https%253A%252F%252Fwww.ti.com%252Fproduct%252FPCF8574%253Futm_source%253Dgoogle%2526utm_medium%253Dcpc%2526utm_campaign%253Dasc-int-null-prodfolderdynamic-cpc-pf-google-wwe%2526utm_content%253Dprodfolddynamic%2526ds_k%253DDYNAMIC%2BSEARCH%2BADS%2526DCM%253Dyes%2526gclsrc%253Dds%2526gclsrc%253Dds}},
    year			= {2015},
    month			= {abril},
    note			= {Accedido en febrero de 2024},
    language        = {spanish},
}




@misc{web7,
    author			= {MicroJpm},
    title			= {Componentes},
    howpublished	= {MicroJpm, \url{https://www.microjpm.com/search/?x=12&y=19&text=}},
    year			= {2023},
    month			= {febrero},
    note			= {Accedido en febrero de 2024},
    language        = {spanish},
}


% Esta referencia es bien importante porque nos dice lo del voltaje.
@misc{web6,
    author			= { Arduino Docs},
    title			= {Nano 33 BLE Sense Cheat Sheet},
    howpublished	= {Arduino Docs, \url{https://docs.arduino.cc/tutorials/nano-33-ble-sense/cheat-sheet/}},
    year			= {2024},
    month			= {febrero},
    note			= {Accedido en febrero de 2024},
    language        = {spanish},
}

@misc{web5,
    author			= {Edge Impulse},
    title			= {Responding to your voice},
    howpublished	= {Edge impulse, \url{https://docs.edgeimpulse.com/docs/tutorials/end-to-end-tutorials/responding-to-your-voice}},
    year			= {2023},
    month			= {noviembre},
    note			= {Accedido en febrero de 2024},
    language        = {spanish},
}


@misc{web,
    author			= {Nordic Infocenter},
    title			= {nRF52840 datasheet},
    howpublished	= {Nordic Infocenter, \url{https://infocenter.nordicsemi.com/pdf/nRF52840_PS_v1.1.pdf}},
    year			= {2019},
    month			= {Mayo},
    note			= {Accedido en febrero de 2024},
    language        = {spanish},
}

@misc{web2,
    author			= {Arduino Docs},
    title			= {Arduino Nano 33 BLE},
    howpublished	= {Arduino Docs, \url{https://docs.arduino.cc/resources/datasheets/ABX00030-datasheet.pdf}},
    year			= {2019},
    month			= {Mayo},
    note			= {Accedido en febrero de 2024},
    language        = {spanish},
}
% configuracion general

@misc{web3,
    author			= {Arduino Docs},
    title			= {Get Started With Machine Learning on Arduino},
    howpublished	= {Arduino Docs, \url{https://docs.arduino.cc/tutorials/nano-33-ble-sense/get-started-with-machine-learning/}},
    year			= {2024},
    month			= {febrero},
    note			= {Accedido en febrero de 2024},
    language        = {spanish},
}



% instalacion de tensorflow
%@misc{tensorflow,
%  title = {tflite-micro-arduino-examples},
%  author = {videvelop},
%  howpublished = {\url{https://github.com/tensorflow/tflite-micro-arduino-examples}},
%  year = {2022},
%  note = {Instalaci√≥n de TensorFlow}
%}

@misc{ArduinoMega,
    author			= {Arduino Docs},
    title			= {Mega 2560 Rev3},
    howpublished	= {Arduino Docs, \url{https://docs.arduino.cc/hardware/mega-2560/#tech-specs}},
    year			= {2024},
    month			= {Febrero},
    note			= {Accedido en febrero de 2024},
    language        = {spanish},
}

@misc{keypad,
    author			= {Krishna Pattabiraman},
    title			= {How to Set Up a Keypad on an Arduino},
    howpublished	= {\url{https://www.circuitbasics.com/how-to-set-up-a-keypad-on-an-arduino/}},
    year			= {2015},
    month			= {marzo},
    note			= {Accedido en febrero de 2024},
    language        = {spanish},
}